
@inproceedings{Marlow2006,
  title = {{HT06, tagging paper, taxonomy, Flickr, academic article, to read}},
  booktitle = {{Proceedings of the seventeenth conference on Hypertext and hypermedia}},
  publisher = {{ACM}},
  author = {Marlow, Cameron and Naaman, Mor and Boyd, Danah and Davis, Marc},
  urldate = {2014-07-29},
  date = {2006},
  year = {2006},
  pages = {31--40},
  keywords = {read,tagging},
  file = {Marlow - 2006 - HT06, tagging paper, taxonomy, Flickr, academic article, to read.pdf:E\:\\Dropbox\\Zotero\\MarlowC\\Marlow - 2006 - HT06, tagging paper, taxonomy, Flickr, academic article, to read.pdf:application/pdf}
}

@inproceedings{Heckner2009,
  title = {{Personal Information Management vs. Resource Sharing: Towards a Model of Information Behavior in Social Tagging Systems.}},
  shorttitle = {{Personal Information Management vs. Resource Sharing}},
  booktitle = {{ICWSM}},
  author = {Heckner, Markus and Heilemann, Michael and Wolff, Christian},
  urldate = {2014-07-30},
  date = {2009},
  year = {2009},
  keywords = {read,tagging},
  file = {Heckner - 2009 - Personal Information Management vs.pdf:E\:\\Dropbox\\Zotero\\HecknerM\\Heckner - 2009 - Personal Information Management vs.pdf:application/pdf}
}

@inproceedings{Zubiaga2011,
  title = {{Tags vs shelves: from social tagging to social classification}},
  shorttitle = {{Tags vs shelves}},
  booktitle = {{Proceedings of the 22nd ACM conference on Hypertext and hypermedia}},
  publisher = {{ACM}},
  author = {Zubiaga, Arkaitz and K\"{o}rner, Christian and Strohmaier, Markus},
  urldate = {2014-07-29},
  date = {2011},
  year = {2011},
  pages = {93--102},
  keywords = {read,tagging},
  file = {Zubiaga - 2011 - Tags vs shelves.pdf:E\:\\Dropbox\\Zotero\\ZubiagaA\\Zubiaga - 2011 - Tags vs shelves.pdf:application/pdf}
}

@online{VanderWal2005,
  title = {{Explaining and Showing Broad and Narrow Folksonomies}},
  author = {Vander Wal, Thomas},
  urldate = {2014-07-29},
  date = {2005},
  year = {2005},
  keywords = {read,tagging}
}

@inproceedings{Korner2010a,
  title = {{Of categorizers and describers: An evaluation of quantitative measures for tagging motivation}},
  shorttitle = {{Of categorizers and describers}},
  booktitle = {{Proceedings of the 21st ACM conference on Hypertext and hypermedia}},
  publisher = {{ACM}},
  author = {K\"{o}rner, Christian and Kern, Roman and Grahsl, Hans-Peter and Strohmaier, Markus},
  urldate = {2014-07-29},
  date = {2010},
  year = {2010},
  pages = {157--166},
  keywords = {read,tagging},
  file = {Körner - 2010 - Of categorizers and describers.pdf:E\:\\Dropbox\\Zotero\\KörnerC\\Körner - 2010 - Of categorizers and describers.pdf:application/pdf}
}

@article{Glushko2008,
  title = {{Categorization in the wild}},
  volume = {{12}},
  issn = {13646613},
  doi = {10.1016/j.tics.2008.01.007},
  number = {4},
  journaltitle = {{Trends in Cognitive Sciences}},
  shortjournal = {{Trends Cogn. Sci.}},
  author = {Glushko, Robert J. and Maglio, Paul P. and Matlock, Teenie and Barsalou, Lawrence W.},
  urldate = {2014-07-28},
  date = {2008-04},
  year = {2008},
  pages = {129--135},
  langid = {english},
  keywords = {read,tagging},
  file = {Glushko - 2008 - Categorization in the wild.pdf:E\:\\Dropbox\\Zotero\\GlushkoR\\Glushko - 2008 - Categorization in the wild.pdf:application/pdf}
}

@inproceedings{Nov2008,
  title = {{What drives content tagging: the case of photos on Flickr}},
  shorttitle = {{What drives content tagging}},
  booktitle = {{Proceedings of the SIGCHI conference on Human factors in computing systems}},
  publisher = {{ACM}},
  author = {Nov, Oded and Naaman, Mor and Ye, Chen},
  urldate = {2014-07-29},
  date = {2008},
  year = {2008},
  pages = {1097--1100},
  keywords = {read,tagging},
  file = {Nov - 2008 - What drives content tagging.pdf:E\:\\Dropbox\\Zotero\\NovO\\Nov - 2008 - What drives content tagging.pdf:application/pdf}
}

@article{Yeung2011,
  title = {{SPEAR: Spamming-Resistant Expertise Analysis and Ranking in Collaborative Tagging Systems}},
  volume = {{27}},
  shorttitle = {{SPEAR}},
  number = {3},
  journaltitle = {{Computational Intelligence}},
  shortjournal = {{Comput. Intell.}},
  author = {Yeung, Ching-man Au and Noll, Michael G. and Gibbins, Nicholas and Meinel, Christoph and Shadbolt, Nigel},
  urldate = {2014-07-30},
  date = {2011},
  year = {2011},
  pages = {458--488},
  keywords = {tagging},
  file = {Yeung - 2011 - SPEAR.pdf:E\:\\Dropbox\\Zotero\\YeungC\\Yeung - 2011 - SPEAR.pdf:application/pdf}
}

@article{Robu2009,
  title = {{Emergence of consensus and shared vocabularies in collaborative tagging systems}},
  volume = {{3}},
  number = {4},
  journaltitle = {{ACM Transactions on the Web (TWEB)}},
  shortjournal = {{ACM Trans. Web TWEB}},
  author = {Robu, Valentin and Halpin, Harry and Shepherd, Hana},
  urldate = {2014-07-25},
  date = {2009},
  year = {2009},
  pages = {14},
  keywords = {tagging},
  file = {Robu - 2009 - Emergence of consensus and shared vocabularies in collaborative tagging systems.pdf:E\:\\Dropbox\\Zotero\\RobuV\\Robu - 2009 - Emergence of consensus and shared vocabularies in collaborative tagging systems.pdf:application/pdf}
}

@inproceedings{Lorince2013,
  title = {{Can simple social copying heuristics explain tag popularity in a collaborative tagging system?}},
  booktitle = {{Proceedings of the 5th Annual ACM Web Science Conference}},
  publisher = {{ACM}},
  author = {Lorince, Jared and Todd, Peter M.},
  urldate = {2014-06-05},
  date = {2013},
  year = {2013},
  pages = {215--224},
  keywords = {read,tagging},
  file = {Lorince - 2013 - Can simple social copying heuristics explain tag popularity in a collaborative tagging system.pdf:E\:\\Dropbox\\Zotero\\LorinceJ\\Lorince - 2013 - Can simple social copying heuristics explain tag popularity in a collaborative tagging system.pdf:application/pdf}
}

@inproceedings{Ames2007,
  title = {{Why we tag: motivations for annotation in mobile and online media}},
  shorttitle = {{Why we tag}},
  booktitle = {{Proceedings of the SIGCHI conference on Human factors in computing systems}},
  publisher = {{ACM}},
  author = {Ames, Morgan and Naaman, Mor},
  urldate = {2014-07-30},
  date = {2007},
  year = {2007},
  pages = {971--980},
  keywords = {read,tagging},
  file = {Ames - 2007 - Why we tag.pdf:E\:\\Dropbox\\Zotero\\AmesM\\Ames - 2007 - Why we tag.pdf:application/pdf}
}

@article{Yeung2009,
  title = {{On measuring expertise in collaborative tagging systems}},
  author = {Yeung, Au and Man, Ching and Noll, Michael and Gibbins, Nicholas and Meinel, Christoph and Shadbolt, Nigel},
  urldate = {2014-07-30},
  date = {2009},
  year = {2009},
  keywords = {tagging},
  file = {Yeung - 2009 - On measuring expertise in collaborative tagging systems.pdf:E\:\\Dropbox\\Zotero\\YeungA\\Yeung - 2009 - On measuring expertise in collaborative tagging systems.pdf:application/pdf}
}

@inproceedings{Korner2010,
  title = {{Stop thinking, start tagging: tag semantics emerge from collaborative verbosity}},
  shorttitle = {{Stop thinking, start tagging}},
  booktitle = {{Proceedings of the 19th international conference on World wide web}},
  publisher = {{ACM}},
  author = {K\"{o}rner, Christian and Benz, Dominik and Hotho, Andreas and Strohmaier, Markus and Stumme, Gerd},
  urldate = {2014-07-29},
  date = {2010},
  year = {2010},
  pages = {521--530},
  keywords = {read,tagging}
}

@inproceedings{Halpin2007,
  title = {{The complex dynamics of collaborative tagging}},
  booktitle = {{Proceedings of the 16th international conference on World Wide Web}},
  publisher = {{ACM}},
  author = {Halpin, Harry and Robu, Valentin and Shepherd, Hana},
  urldate = {2014-06-13},
  date = {2007},
  year = {2007},
  pages = {211--220},
  keywords = {last.fm,read,tagging},
  file = {Halpin - 2007 - The complex dynamics of collaborative tagging.pdf:E\:\\Dropbox\\Zotero\\HalpinH\\Halpin - 2007 - The complex dynamics of collaborative tagging.pdf:application/pdf}
}

@online{VanderWal2007,
  title = {{Folksonomy Coinage and Definition}},
  author = {Vander Wal, Thomas},
  urldate = {2014-07-29},
  date = {2007},
  year = {2007},
  keywords = {read,tagging}
}

@article{Golder2006,
  title = {{Usage patterns of collaborative tagging systems}},
  volume = {{32}},
  number = {2},
  journaltitle = {{Journal of information science}},
  shortjournal = {{J. Inf. Sci.}},
  author = {Golder, Scott A. and Huberman, Bernardo A.},
  urldate = {2014-07-25},
  date = {2006},
  year = {2006},
  pages = {198--208},
  keywords = {read,tagging},
  file = {Golder - 2006 - Usage patterns of collaborative tagging systems.pdf:E\:\\Dropbox\\Zotero\\GolderS\\Golder - 2006 - Usage patterns of collaborative tagging systems.pdf:application/pdf}
}

@inproceedings{Sen2006,
  title = {{Tagging, communities, vocabulary, evolution}},
  booktitle = {{Proceedings of the 2006 20th anniversary conference on Computer supported cooperative work}},
  publisher = {{ACM}},
  author = {Sen, Shilad and Lam, Shyong K. and Rashid, Al Mamunur and Cosley, Dan and Frankowski, Dan and Osterhouse, Jeremy and Harper, F. Maxwell and Riedl, John},
  urldate = {2014-07-29},
  date = {2006},
  year = {2006},
  pages = {181--190},
  keywords = {read,tagging},
  file = {Sen - 2006 - Tagging, communities, vocabulary, evolution.pdf:E\:\\Dropbox\\Zotero\\SenS\\Sen - 2006 - Tagging, communities, vocabulary, evolution.pdf:application/pdf}
}

@inproceedings{Lorince2014,
  title = {{"Supertagger" behavior in building folksonomies}},
  isbn = {9781450326223},
  doi = {10.1145/2615569.2615686},
  booktitle = {{Proceedings of the 6th Annual ACM Web Science Conference}},
  publisher = {{ACM}},
  author = {Lorince, Jared and Zorowitz, Sam and Murdock, Jaimie and Todd, Peter M.},
  urldate = {2014-07-10},
  date = {2014},
  year = {2014},
  pages = {129--138},
  langid = {english},
  keywords = {read,tagging},
  file = {Lorince - 2014 - Supertagger behavior in building folksonomies.pdf:E\:\\Dropbox\\Zotero\\LorinceJ\\Lorince - 2014 - Supertagger behavior in building folksonomies.pdf:application/pdf}
}

@inproceedings{Hotho2006a,
  location = {{Budva, Montenegro}},
  title = {{Information retrieval in folksonomies: Search and ranking}},
  shorttitle = {{Information retrieval in folksonomies}},
  booktitle = {{Proceedings of 3rd European Semantic Web Confernece (ESWC)}},
  publisher = {{Springer}},
  author = {Hotho, Andreas and J\"{a}schke, Robert and Schmitz, Christoph and Stumme, Gerd},
  urldate = {2014-08-27},
  date = {2006},
  year = {2006},
  pages = {411--426},
  keywords = {read,tagging},
  file = {Hotho - 2006 - Information retrieval in folksonomies.pdf:E\:\\Dropbox\\Zotero\\HothoA\\Hotho - 2006 - Information retrieval in folksonomies.pdf:application/pdf}
}

@article{Cattuto2007a,
  title = {{Semiotic dynamics and collaborative tagging}},
  volume = {{104}},
  number = {5},
  journaltitle = {{Proceedings of the National Academy of Sciences}},
  shortjournal = {{Proc. Natl. Acad. Sci.}},
  author = {Cattuto, Ciro and Loreto, Vittorio and Pietronero, Luciano},
  urldate = {2014-08-29},
  date = {2007},
  year = {2007},
  pages = {1461--1464},
  keywords = {read,tagging},
  file = {Cattuto - 2007 - Semiotic dynamics and collaborative tagging.pdf:E\:\\Dropbox\\Zotero\\CattutoC\\Cattuto - 2007 - Semiotic dynamics and collaborative tagging.pdf:application/pdf}
}

@article{Gupta2010,
  title = {{Survey on social tagging techniques}},
  volume = {{12}},
  number = {1},
  journaltitle = {{ACM SIGKDD Explorations Newsletter}},
  shortjournal = {{ACM SIGKDD Explor. Newsl.}},
  author = {Gupta, Manish and Li, Rui and Yin, Zhijun and Han, Jiawei},
  urldate = {2014-08-29},
  date = {2010},
  year = {2010},
  pages = {58--72},
  keywords = {read,tagging},
  file = {Gupta - 2010 - Survey on social tagging techniques.pdf:E\:\\Dropbox\\Zotero\\GuptaM\\Gupta - 2010 - Survey on social tagging techniques.pdf:application/pdf}
}

@inproceedings{Zollers2007,
  title = {{Emerging motivations for tagging: Expression, performance, and activism}},
  shorttitle = {{Emerging motivations for tagging}},
  booktitle = {{Workshop on Tagging and Metadata for Social Information Organization, held at the 16th International World Wide Web Conference}},
  author = {Zollers, Alla},
  urldate = {2014-08-30},
  date = {2007},
  year = {2007},
  keywords = {motivation,read,tagging},
  file = {Zollers - 2007 - Emerging motivations for tagging.pdf:E\:\\Dropbox\\Zotero\\ZollersA\\Zollers - 2007 - Emerging motivations for tagging.pdf:application/pdf}
}

@article{Tibshirani1996,
  title = {{Regression shrinkage and selection via the lasso}},
  journaltitle = {{Journal of the Royal Statistical Society. Series B (Methodological)}},
  shortjournal = {{J. R. Stat. Soc. Ser. B Methodol.}},
  author = {Tibshirani, Robert},
  date = {1996},
  year = {1996},
  pages = {267--288}
}

@book{Wasserman2004,
  title = {{All of statistics: a concise course in statistical inference}},
  publisher = {{Springer}},
  author = {Wasserman, Larry},
  date = {2004},
  year = {2004}
}


